@inproceedings{gupta13Perceptual,
	Author = {S. Gupta and P. Arbelaez and J. Malik},
	Booktitle = {CVPR},
	Title = {Perceptual Organization and Recognition of Indoor Scenes from RGB-D Images},
	Year = {2013}
	}

@inproceedings{newcombe2011kinectfusion,
	Author = {R. Newcombe and A. Davison and S. Izadi and P. Kohli and O. Hilliges and J. Shotton and D. Molyneaux and S. Hodges and D. Kim and A. Fitzgibbon},
	Booktitle = {ISMAR},
	Title = {KinectFusion: Real-time dense surface mapping and tracking},
	Year = {2011}}

@article{zhang-kinect,
	Author = {Z. Zhang},
	Journal = {IEEE MultiMedia},
	Title = {Microsoft Kinect Sensor and Its Effect},
	Year = {2012}}

@article{furukawa-PAMI10,
	Author = {Furukawa, Y. and Ponce, J.},
	Journal = {PAMI},
	Title = {Accurate, Dense, and Robust Multiview Stereopsis},
	Year = {2010}}

@article{hancock1990edge,
	Author = {E. Hancock and J. Kittler},
	Journal = {PAMI},
	Title = {Edge-labeling using dictionary-based relaxation},
	Year = {1990}}

@article{boykov2001fast,
	Author = {Y. Boykov and O. Veksler and R. Zabih},
	Journal = {PAMI},
	Title = {Fast Approximate Energy Minimization via Graph Cuts},
	Year = {2001}}

@article{edgeDetectSurvey-Koschan,
	Author = {A. Koschan and M. Abidi},
	Journal = {Signal Processing Magazine, Special Issue on Color Image Processing},
	Title = {Detection and Classification of Edges in Color Images: A review of vector-valued techniques},
	Year = {2005}}

@inproceedings{gcontext-hoiem,
	Author = {D. Hoiem and A. Efros and M. Hebert},
	Booktitle = {ICCV},
	Title = {Geometric Context From a Single Image},
	Year = {2005}}

@article{popup-hoiem,
	Author = {D. Hoiem and A. Efros and M. Hebert},
	Journal = {ACM SIGGRAPH},
	Title = {Automatic Photo Pop-up},
	Year = {2005}}

@article{hoiem-ROB,
	Author = {D. Hoiem and A. Efros and M. Hebert},
	Journal = {IJCV},
	Title = {Recovering Occlusion Boundaries from an Image},
	Year = {2011}
	}

@inproceedings{hedau2012,
author={V. Hedau and D. Hoiem and D. Forsyth},
title={Recovering Free Space of Indoor Scenes from a Single Image},
booktitle={CVPR},
year={2012}
}

@inproceedings{schwing2012b,
author={A. G. Schwing and R. Urtasun},
title={Efficient Exact Inference for {3D} Indoor Scene Understanding},
booktitle={ECCV},
year={2012}
}

@inproceedings{lee2010,
author={D.C. Lee and A. Gupta and M. Hebert and T. Kanade},
title={Estimating Spatial Layout of Rooms using Volumetric Reasoning about Objects and Surfaces},
booktitle={NIPS},
year={2010}
}

@book{mild-sugihara,
	Author = {Sugihara, K.},
	Publisher = {MIT Press},
	Title = {Machine Interpretation of Line Drawings},
	Year = {1986}}

@inproceedings{sundberg2011occlusion,
	Author = {P. Sundberg and T. Brox and M. Maire and P. Arbelaez and J. Malik},
	Booktitle = {CVPR},
	Title = {Occlusion Boundary Detection and Figure/Ground Assignment from Optical Flow},
	Year = {2011}
	}

@article{ren2008learning,
	Author = {X. Ren and C. Fowlkes and J. Malik},
	Journal = {ICCV},
	Title = {Learning Probabilistic Models for Contour Completion in Natural Images},
	Year = {2008}}

@article{arbelaez2011contour,
	Author = {P. Arbelaez and M. Maire and C. Fowlkes and J. Malik},
	Journal = {PAMI},
	Title = {Contour Detection and Hierarchical Image Segmentation},	
	Year = {2011}}

@article{martin2004,
	Author = {D. Martin and C. Fowlkes and J. Malik},
	Journal = {PAMI},
	Title = {Learning to Detect Natural Image Boundaries Using Local Brightness, Color, and Texture Cues},
	Year = {2004}}

@article{lipson2007optimization,
	Author = {H. Lipson and M. Shpitalni},
	Journal = {CAD},
	Title = {Optimization Based Reconstruction of a 3D Object from a Single Freehand Line Drawing},
	Year = {1996}}

@article{kanade1981recovery,
	Author = {Kanade, Takeo},
	Journal = {AI},
	Title = {Recovery of the Three-Dimensional Shape of an Object from a Single View},
	Year = {1981}}

@inproceedings{isola14crisp,
	Author = {P. Isola and D. Zoran and D. Krishnan and T. Adelson},
	Booktitle = {ECCV},
	Title = {Crisp Boundary Detection Using Pointwise Mutual Information},
	Year = {2014}
	}

@inproceedings{yang2013complex,
	Author = {L. Yang and J. Liu and X. Tang},
	Booktitle = {ICCV},
	Title = {Complex 3D General Object Reconstruction from Line Drawings},
	Year = {2013}
	}

@article{achanta2012slic,
	Author = {R. Achanta and A. Shaji and K. Smith and A. Lucchi and P. Fua and S. Susstrunk},
	Journal = {PAMI},
	Title = {SLIC superpixels compared to state-of-the-art superpixel methods},
	Year = {2012}
	}

@inproceedings{choi2013rgb,
	Author = {C. Choi and A. Trevor and H. Christensen},
	Booktitle = {IROS},
	Title = {RGB-D Edge Detection and Edge-Based Registration},
	Year = {2013}
	}

@article{malik1989recovering,
	Author = {J. Malik and D. Maydan},
	Journal = {PAMI},
	Title = {Recovering Three-Dimensional Shape from a Single Image of Curved Objects},
	Year = {1989}
	}

@inproceedings{gupta2013perceptual,
	Author = {S. Gupta and P. Arbelaez and J. Malik},
	Booktitle = {CVPR},
	Title = {Perceptual Organization and Recognition of Indoor Scenes from RGB-D Images},
	Year = {2013}
	}

@inproceedings{qishan2014Occluding,
	Author = {Q. Shan and B. Curless and Y. Furukawa and C. Hernandez and S. Seitz},
	Booktitle = {IEEE Conference on Computer Vision and Pattern Recognition},
	Month = {jun},
	Title = {Occluding Contours for Multi-View Stereo},
	Year = {2014}}

@inproceedings{Lifting3DManhattan,
	Author = {S. Ramalingam and M. Brand},
	Booktitle = {ICCV},
	Title = {Lifting 3D Manhattan Lines from a Single Image},
	Year = {2013}
	}

@inproceedings{ManhattanJunctionCatalogue,
	Author = {Ramalingam, S. and Pillai, J.K. and Jain, A. and Taguchi, Y.},
	Booktitle = {CVPR},
	Title = {Manhattan Junction Catalogue for Spatial Reasoning of Indoor Scenes},
	Year = {2013}
	}

@article{lineCurvedObjects,
	Author = {J. Malik},
	Journal = {IJCV},
	Title = {Interpreting Line Drawings of Curved Objects},	
	Year = {1987}
	}

@techreport{canny,
	Address = {Cambridge, MA},
	Author = {Canny, John Francis},
	Institution = {MIT},
	Title = {Finding Edges and Lines in Images},
	Year = {1983}}

@article{kolmogorov2004energyfunctions,
	Author = {Kolmogorov, V. and Zabih, R.},
	Journal = {PAMI},
	Title = {What Energy Functions can be Minimized via Graph Cuts?},
	Year = {2004}
	}

@article{kolmogorov2004comparison,
	Author = {Boykov, Y. and Kolmogorov, V.},
	Journal = {PAMI},
	Title = {An Experimental Comparison of Min-Cut/Max-Flow Algorithms for Energy Minimization in Vision},
	Year = {2004}
	}

@inproceedings{Fouhey14c,
	Author = {Fouhey, David F. and Gupta, Abhinav and Hebert, Martial},
	Booktitle = {ECCV},
	Title = {Unfolding an Indoor Origami World},
	Year = {2014}}

@inproceedings{Koenderink1984,
	author = {J.J. Koenderink},
	booktitle = {What does the occluding contour tell us about solid shape},
	title = {Perception},
	year = {1984}
	}

@inproceedings{Eigen2014,
	author = {D. Eigen and C. Puhrsch and R. Fergus},
	title = {Depth Map Prediction from a Single Image using a Multi-Scale Deep Network},
	booktitle = {NIPS},
	year = {2014}
	}
	
	
@article{Snavely2006,
author = {N. Snavely and S.M. Seitz and R. Szeliski},
title = {Photo tourism: Exploring photo collections in 3D},
journal = {SIGGRAPH},
year = {2006}
}

@inproceedings{depthorder,
author = {Z. Jia and A. Gallagher and T. Chen},
title = {Learning Boundaries with Color and Depth},
booktitle = {ICIP},
year = {2013}
}
@inproceedings{Silberman:ECCV12,
  author    = {Silberman, Nathan and Hoiem, Derek and Kohli, Pushmeet and Fergus, Rob},
  title     = {Indoor Segmentation and Support Inference from RGBD Images},
  booktitle = {ECCV},
  year      = {2012}
}
